% 1
@mastersthesis{任君,
  title={基于SVM和LSTM网络预测的股票量化投资模型},
  author={任君},
  year={2019},
  school={武汉理工大学}
}

% 2
@mastersthesis{李晨阳,
  title={基于 CNN-LSTM 的股票价格预测及量化选股研究},
  author={李晨阳},
  year={2021},
  school={西北大学}
}
% 3
@mastersthesis{cnn+rlstm+att,
  title={基于CNN-RLSTM-ATTEN模型的股票价格指数预测研究},
  author={田志宏},
  year={2021},
  school={哈尔滨工业大学}
}
% 4
@mastersthesis{柏万宽rnn,
  title={RNN神经网络在股票指数价格预测模型的研究与应用},
  author={柏万宽},
  year={2018},
  school={重庆大学}
}
% 5
@article{注意力机制综述,
  title={注意力机制综述},
  author={任欢 and 王旭光},
  journal={计算机应用},
  volume={41},
  number={S01},
  pages={1--6},
  year={2021}
}
% 6
@mastersthesis{李勇,
  title={基于深度神经网络的股票智能预测系统的设计与实现},
  author={李勇},
  year={2019},
  school={西北大学}
}
% 7
@article{seq2seq,
  title={Sequence to sequence learning with attention mechanism for short-term passenger flow prediction in large-scale metro system},
  author={Hao, Siyu and Lee, Der-Horng and Zhao, De},
  journal={Transportation Research Part C: Emerging Technologies},
  volume={107},
  pages={287--300},
  year={2019},
  publisher={Elsevier}
}
% 8
@mastersthesis{王宇轩,
  title={基于卷积神经网络的股票预测},
  author={王宇轩},
  year={2019},
  school={天津工业大学}
}

% 9
@article{王莉静,
  title={基于一维卷积神经网络客户需求分类模型},
  author={王莉静 and 戴远东 and 赵海盟 and 李雅婷},
  journal={天津城建大学学报},
  year={2022}
}

% 10
@article{卷积神经网络研究综述,
  title={卷积神经网络研究综述},
  author={周飞燕 and 金林鹏 and 董军 and others},
  journal={计算机学报},
  volume={40},
  number={6},
  pages={1229--1251},
  year={2017}
}
% 11
@article{lstmreview,
  title={A review of recurrent neural networks: LSTM cells and network architectures},
  author={Yu, Yong and Si, Xiaosheng and Hu, Changhua and Zhang, Jianxun},
  journal={Neural computation},
  volume={31},
  number={7},
  pages={1235--1270},
  year={2019},
  publisher={MIT Press One Rogers Street, Cambridge, MA 02142-1209, USA journals-info~…}
}
% 12
@article{LSTM-CRF,
  title={Bidirectional LSTM-CRF models for sequence tagging},
  author={Huang, Zhiheng and Xu, Wei and Yu, Kai},
  journal={arXiv preprint arXiv:1508.01991},
  year={2015}
}
@inproceedings{transformer,
  title={Transformers are rnns: Fast autoregressive transformers with linear attention},
  author={Katharopoulos, Angelos and Vyas, Apoorv and Pappas, Nikolaos and Fleuret, Fran{\c{c}}ois},
  booktitle={International Conference on Machine Learning},
  pages={5156--5165},
  year={2020},
  organization={PMLR}
}